
@article{cortes_support-vector_1995,
	title = {Support-vector networks},
	volume = {20},
	issn = {0885-6125, 1573-0565},
	url = {http://link.springer.com/10.1007/BF00994018},
	doi = {10.1007/BF00994018},
	language = {en},
	number = {3},
	urldate = {2020-09-04},
	journal = {Machine Learning},
	author = {Cortes, Corinna and Vapnik, Vladimir},
	month = sep,
	year = {1995},
	pages = {273--297},
	file = {Cortes et Vapnik - 1995 - Support-vector networks.pdf:C\:\\Users\\esori\\Zotero\\storage\\N9E2XYIE\\Cortes et Vapnik - 1995 - Support-vector networks.pdf:application/pdf}
}

@article{sankaran_visible-near_2011,
	title = {Visible-near infrared spectroscopy based citrus greening detection: {Evaluation} of spectral feature extraction techniques},
	volume = {30},
	issn = {02612194},
	shorttitle = {Visible-near infrared spectroscopy based citrus greening detection},
	url = {https://linkinghub.elsevier.com/retrieve/pii/S0261219411002304},
	doi = {10.1016/j.cropro.2011.07.005},
	language = {en},
	number = {11},
	urldate = {2020-09-04},
	journal = {Crop Protection},
	author = {Sankaran, Sindhuja and Ehsani, Reza},
	month = nov,
	year = {2011},
	pages = {1508--1513},
	file = {Sankaran et Ehsani - 2011 - Visible-near infrared spectroscopy based citrus gr.pdf:C\:\\Users\\esori\\Zotero\\storage\\WBYGJUM8\\Sankaran et Ehsani - 2011 - Visible-near infrared spectroscopy based citrus gr.pdf:application/pdf}
}

@article{moutarde_arbres_2017,
	title = {Arbres de {Décision} et {Forêts} {Aléatoires}},
	language = {fr},
	journal = {MINES ParisTech},
	author = {Moutarde, Fabien},
	year = {2017},
	pages = {20},
	file = {Moutarde - Arbres de Décision et Forêts Aléatoires.pdf:C\:\\Users\\esori\\Zotero\\storage\\MCUSBQI4\\Moutarde - Arbres de Décision et Forêts Aléatoires.pdf:application/pdf}
}

@article{garcia-ruiz_comparison_2013,
	title = {Comparison of two aerial imaging platforms for identification of {Huanglongbing}-infected citrus trees},
	volume = {91},
	issn = {01681699},
	url = {https://linkinghub.elsevier.com/retrieve/pii/S0168169912002748},
	doi = {10.1016/j.compag.2012.12.002},
	language = {en},
	number = {1},
	urldate = {2021-01-08},
	journal = {Computers and Electronics in Agriculture},
	author = {Garcia-Ruiz, Francisco and Sankaran, Sindhuja and Maja, Joe Mari and Lee, Won Suk and Rasmussen, Jesper and Ehsani, Reza},
	month = feb,
	year = {2013},
	pages = {106--115},
	file = {Garcia-Ruiz et al. - 2013 - Comparison of two aerial imaging platforms for ide.pdf:C\:\\Users\\esori\\Zotero\\storage\\JQAJBYIM\\Garcia-Ruiz et al. - 2013 - Comparison of two aerial imaging platforms for ide.pdf:application/pdf}
}

@article{gottwald_preliminary_1989,
	title = {Preliminary {Analysis} of {Citrus} {Greening} ({Huanglungbin}) {Epidemics} in the {People}'s {Republic} of {China} and {French} {Reunion} {Island}},
	volume = {79},
	issn = {0031949X},
	url = {http://www.apsnet.org/publications/phytopathology/backissues/Documents/1989Abstracts/Phyto79_687.htm},
	doi = {10.1094/Phyto-79-687},
	language = {en},
	number = {6},
	urldate = {2021-03-05},
	journal = {Phytopathology},
	author = {Gottwald, T. R.},
	year = {1989},
	pages = {687},
	file = {Gottwald - 1989 - Preliminary Analysis of Citrus Greening (Huanglung.pdf:C\:\\Users\\esori\\Zotero\\storage\\XFFBEU7X\\Gottwald - 1989 - Preliminary Analysis of Citrus Greening (Huanglung.pdf:application/pdf}
}

@article{bove_huanglongbing_2006,
	title = {{HUANGLONGBING}: {A} {DESTRUCTIVE}, {NEWLY}-{EMERGING}, {CENTURY}·{OLD} {DISEASE} {OF} {CITRUS}},
	volume = {88},
	language = {en},
	number = {1},
	journal = {Journal of Plant Pathology},
	author = {Bové, J.M},
	year = {2006},
	pages = {7--37},
	file = {Bové, J.M - 2006 - HUANGLONGBING A DESTRUCTIVE, NEWLY-EMERGING, CENT.pdf:C\:\\Users\\esori\\Zotero\\storage\\68CLID5M\\Bové, J.M - 2006 - HUANGLONGBING A DESTRUCTIVE, NEWLY-EMERGING, CENT.pdf:application/pdf}
}

@article{narouei-khandan_global_2016,
	title = {Global climate suitability of citrus huanglongbing and its vector, the {Asian} citrus psyllid, using two correlative species distribution modeling approaches, with emphasis on the {USA}},
	volume = {144},
	issn = {0929-1873, 1573-8469},
	url = {http://link.springer.com/10.1007/s10658-015-0804-7},
	doi = {10.1007/s10658-015-0804-7},
	language = {en},
	number = {3},
	urldate = {2021-03-28},
	journal = {European Journal of Plant Pathology},
	author = {Narouei-Khandan, Hossein A. and Halbert, Susan E. and Worner, Susan P. and van Bruggen, Ariena H. C.},
	month = mar,
	year = {2016},
	pages = {655--670},
	file = {Narouei-Khandan et al. - 2016 - Global climate suitability of citrus huanglongbing.pdf:C\:\\Users\\esori\\Zotero\\storage\\A8N9JLYR\\Narouei-Khandan et al. - 2016 - Global climate suitability of citrus huanglongbing.pdf:application/pdf}
}

@article{wang_citrus_2019,
	title = {The {Citrus} {Huanglongbing} {Crisis} and {Potential} {Solutions}},
	volume = {12},
	issn = {16742052},
	url = {https://linkinghub.elsevier.com/retrieve/pii/S1674205219301212},
	doi = {10.1016/j.molp.2019.03.008},
	language = {en},
	number = {5},
	urldate = {2021-04-06},
	journal = {Molecular Plant},
	author = {Wang, Nian},
	month = may,
	year = {2019},
	pages = {607--609},
	file = {Wang - 2019 - The Citrus Huanglongbing Crisis and Potential Solu.pdf:C\:\\Users\\esori\\Zotero\\storage\\ZK53H2T6\\Wang - 2019 - The Citrus Huanglongbing Crisis and Potential Solu.pdf:application/pdf}
}

@misc{morillon_huanglongbing_2020,
	title = {Huanglongbing the citrus disease},
	language = {en},
	author = {Morillon, Cécile},
	collaborator = {Morillon, Raphaël and RABILLE, Hervé and OLLITRAULT, Patrick and VINCENT, Christopher},
	year = {2020},
	file = {Huagnlongbingthecitrusdisease.pdf:C\:\\Users\\esori\\Zotero\\storage\\9Z7SAB77\\Huagnlongbingthecitrusdisease.pdf:application/pdf}
}

@article{gutierrez_prospective_2013,
	title = {Prospective {Analysis} of the {Geographic} {Distribution} and {Relative} {Abundance} of {Asian} {Citrus} {Psyllid} ({Hemiptera}: {Liviidae}) and {Citrus} {Greening} {Disease} in {North} {America} and the {Mediterranean} {Basin}},
	volume = {96},
	issn = {0015-4040, 1938-5102},
	shorttitle = {Prospective {Analysis} of the {Geographic} {Distribution} and {Relative} {Abundance} of {Asian} {Citrus} {Psyllid} ({Hemiptera}},
	url = {http://www.bioone.org/doi/abs/10.1653/024.096.0417},
	doi = {10.1653/024.096.0417},
	language = {en},
	number = {4},
	urldate = {2021-04-06},
	journal = {Florida Entomologist},
	author = {Gutierrez, Andrew Paul and Ponti, Luigi},
	month = dec,
	year = {2013},
	pages = {1375--1391},
	file = {Gutierrez et Ponti - 2013 - Prospective Analysis of the Geographic Distributio.pdf:C\:\\Users\\esori\\Zotero\\storage\\P75PMZQ6\\Gutierrez et Ponti - 2013 - Prospective Analysis of the Geographic Distributio.pdf:application/pdf}
}

@article{gottwald_current_2010,
	title = {Current {Epidemiological} {Understanding} of {Citrus} {Huanglongbing}},
	volume = {48},
	language = {en},
	number = {1},
	journal = {U.S. Department of Agriculture},
	author = {Gottwald, Tim R},
	year = {2010},
	pages = {39--119},
	file = {Gottwald - 2010 - Current Epidemiological Understanding of Citrus Hu.pdf:C\:\\Users\\esori\\Zotero\\storage\\T6IFFZP8\\Gottwald - 2010 - Current Epidemiological Understanding of Citrus Hu.pdf:application/pdf}
}

@article{aubert_case_1996,
	title = {A {Case} {Study} of {Huanglongbing} ({Greening}) {Control} in {Reunion}},
	volume = {9},
	language = {en},
	number = {1},
	journal = {Thirteenth IOCV Conference},
	author = {Aubert, B and Grisoni, M and Villemin, M},
	year = {1996},
	pages = {3},
	file = {Aubert et al. - A Case Study of Huanglongbing (Greening) Control i.pdf:C\:\\Users\\esori\\Zotero\\storage\\X8BXZZEV\\Aubert et al. - A Case Study of Huanglongbing (Greening) Control i.pdf:application/pdf}
}

@misc{leung_production_2014,
	title = {La production fruitière à {La} {Réunion}},
	language = {fr},
	publisher = {Agreste La Réunion},
	author = {Leung, Julie},
	year = {2014},
	file = {DAAF production fruitière la réunion.pdf:C\:\\Users\\esori\\Zotero\\storage\\2989YLLB\\DAAF production fruitière la réunion.pdf:application/pdf}
}

@misc{equipe_artists_-_ur_aida_meteor_2021,
	title = {{METEOR}},
	shorttitle = {Smart {IS}},
	url = {https://smartis.re/METEOR},
	urldate = {2021-04-08},
	journal = {Smart Information System},
	author = {Equipe Artists - UR AïDA, CIRAD},
	year = {2021},
	file = {METEOR:C\:\\Users\\esori\\Zotero\\storage\\F5D9JMNB\\METEOR.html:text/html}
}

@article{sankaran_huanglongbing_2013,
	title = {Huanglongbing ({Citrus} {Greening}) {Detection} {Using} {Visible}, {Near} {Infrared} and {Thermal} {Imaging} {Techniques}},
	volume = {13},
	issn = {1424-8220},
	url = {http://www.mdpi.com/1424-8220/13/2/2117},
	doi = {10.3390/s130202117},
	language = {en},
	number = {2},
	urldate = {2021-04-09},
	journal = {Sensors},
	author = {Sankaran, Sindhuja and Maja, Joe and Buchanon, Sherrie and Ehsani, Reza},
	month = feb,
	year = {2013},
	pages = {2117--2130},
	file = {Sankaran et al. - 2013 - Huanglongbing (Citrus Greening) Detection Using Vi.pdf:C\:\\Users\\esori\\Zotero\\storage\\WWAZVX3W\\Sankaran et al. - 2013 - Huanglongbing (Citrus Greening) Detection Using Vi.pdf:application/pdf}
}

@article{tenehaus_lapproche_1999,
	title = {L’approche {PLS}},
	volume = {47},
	number = {2},
	journal = {Revue de statistique appliquée},
	author = {Tenehaus, Herman},
	year = {1999},
	pages = {37},
	file = {PLS (Tenenhaus 1999).pdf:C\:\\Users\\esori\\Zotero\\storage\\YUDY6CT7\\PLS (Tenenhaus 1999).pdf:application/pdf}
}

@article{deng_detection_2020,
	title = {Detection of {Citrus} {Huanglongbing} {Based} on {Multi}-{Input} {Neural} {Network} {Model} of {UAV} {Hyperspectral} {Remote} {Sensing}},
	volume = {12},
	issn = {2072-4292},
	url = {https://www.mdpi.com/2072-4292/12/17/2678},
	doi = {10.3390/rs12172678},
	language = {en},
	number = {17},
	urldate = {2021-04-09},
	journal = {Remote Sensing},
	author = {Deng, Xiaoling and Zhu, Zihao and Yang, Jiacheng and Zheng, Zheng and Huang, Zixiao and Yin, Xianbo and Wei, Shujin and Lan, Yubin},
	month = aug,
	year = {2020},
	pages = {2678},
	file = {Deng et al. - 2020 - Detection of Citrus Huanglongbing Based on Multi-I.pdf:C\:\\Users\\esori\\Zotero\\storage\\63Y2UHKC\\Deng et al. - 2020 - Detection of Citrus Huanglongbing Based on Multi-I.pdf:application/pdf}
}

@inproceedings{mishra_spectral_2007,
	address = {Minneapolis},
	series = {073056},
	title = {Spectral {Characteristics} of {Citrus} {Greening} ({Huanglongbing})},
	volume = {1},
	url = {http://elibrary.asabe.org/abstract.asp?JID=5&AID=24163&CID=min2007&T=1},
	doi = {10.13031/2013.24163},
	language = {en},
	urldate = {2021-04-18},
	booktitle = {2007 {Minneapolis}, {Minnesota}, {June} 17-20, 2007},
	publisher = {American Society of Agricultural and Biological Engineers},
	author = {Mishra, Ashish and Ehsani, Reza and {Won Suk Lee} and {Gene Albrigo}},
	year = {2007},
	pages = {10},
	file = {Ashish R Mishra et al. - 2007 - Spectral Characteristics of Citrus Greening (Huang.pdf:C\:\\Users\\esori\\Zotero\\storage\\T9QMPW9F\\Ashish R Mishra et al. - 2007 - Spectral Characteristics of Citrus Greening (Huang.pdf:application/pdf}
}

@phdthesis{comte_apport_2013,
	address = {Tunis},
	type = {{THÈSE} {DE} {DOCTORAT} {EN} {SCIENCES} {AGRONOMIQUES} {Spécialité} : {Sciences} de la {Production} {Végétale}},
	title = {Apport des marqueurs {SSRs} nucléaires, des {InDel} mitochondriaux et de la diversité allélique de gènes candidats pour la tolérance à la salinité},
	language = {fr},
	school = {INSTITUT NATIONAL AGRONOMIQUE DE TUNISIE},
	author = {Comte, Auguste},
	year = {2013},
	file = {(Comte.2013).pdf:C\:\\Users\\esori\\Zotero\\storage\\RTPVF3DJ\\(Comte.2013).pdf:application/pdf}
}

@article{moriya_detecting_2019,
	title = {{DETECTING} {CITRUS} {HUANGLONGBING} {IN} {BRAZILIAN} {ORCHARDS} {USING} {HYPERSPECTRAL} {AERIAL} {IMAGES}},
	volume = {XLII-2/W13},
	issn = {2194-9034},
	url = {https://www.int-arch-photogramm-remote-sens-spatial-inf-sci.net/XLII-2-W13/1881/2019/},
	doi = {10.5194/isprs-archives-XLII-2-W13-1881-2019},
	language = {en},
	urldate = {2021-04-19},
	journal = {ISPRS - International Archives of the Photogrammetry, Remote Sensing and Spatial Information Sciences},
	author = {Moriya, É. A. S. and Imai, N. N. and Tommaselli, A. M. G. and Berveglieri, A. and Honkavaara, E. and Soares, M. A. and Marino, M.},
	month = jun,
	year = {2019},
	pages = {1881--1886},
	file = {Moriya et al. - 2019 - DETECTING CITRUS HUANGLONGBING IN BRAZILIAN ORCHAR.pdf:C\:\\Users\\esori\\Zotero\\storage\\VS9J4F62\\Moriya et al. - 2019 - DETECTING CITRUS HUANGLONGBING IN BRAZILIAN ORCHAR.pdf:application/pdf}
}

@techreport{crequy_prise_2020,
	address = {Rennes},
	type = {Rapport de stage},
	title = {Prise en compte de la structure du paysage pour la surveillance épidémiologique du {HLB} sur l’île de {La} {Réunion} et exploration d’une  nouvelle méthode de diagnostic par {Spectroscopie} {Proche} {Infra}-{Rouge}},
	institution = {Agrocampus Ouest},
	author = {Créquy, Nathan},
	month = aug,
	year = {2020},
	pages = {34},
	file = {CREQUY_Rapport de stage_HLB.pdf:C\:\\Users\\esori\\Zotero\\storage\\6LAYLZ3W\\CREQUY_Rapport de stage_HLB.pdf:application/pdf}
}

@techreport{guilloteau_utilisation_2018,
	address = {Paris},
	type = {Rapport de stage},
	title = {Utilisation de la connaissance du paysage agricole pour l’accompagnement des réseaux d’épidémio-surveillance : application au greening des agrumes à la {Réunion}},
	institution = {AgroParisTech},
	author = {Guilloteau, Camille},
	month = jul,
	year = {2018},
	pages = {39},
	file = {_.pdf:C\:\\Users\\esori\\Zotero\\storage\\F4JZXC2F\\_.pdf:application/pdf}
}

@phdthesis{albetis_de_la_cruz_potentiel_2018,
	address = {Toulouse},
	type = {{THÈSE} {DE} {DOCTORAT} {EN} {SCIENCES} {AGRONOMIQUES} {Spécialité} : {Sciences} de la {Production} {Végétale}},
	title = {Potentiel des images multispectrales acquises par drone dans la détection des zones infectées par la {Flavescence} dorée de la vigne},
	language = {fr},
	school = {Université Toulouse 3 Paul Sabatier (UT3 Paul Sabatier)},
	author = {Albetis de la Cruz, Johanna Leslie},
	year = {2018},
	file = {Id - Potentiel des images multispectrales acquises par .pdf:C\:\\Users\\esori\\Zotero\\storage\\ZA49J7TT\\Id - Potentiel des images multispectrales acquises par .pdf:application/pdf}
}

@phdthesis{aubert_greening_1989,
	address = {INRA Bordeaux},
	type = {{THÈSE} {DE} {DOCTORAT} {EN} {SCIENCES} {AGRONOMIQUES} {Spécialité} : {Sciences} de la {Production} {Végétale}},
	title = {Le greening une maladie infectieuse des agrumes d’origine bactérienne transmise par des homoptères psyllidés {Stratégies} de lutte développées à l’île de la {Réunion}, {Circonstances} épidémiologiques en {Afrique} {Asie} et modalités d’intervention},
	school = {Université Bordeaux 2},
	author = {Aubert, Bernard},
	year = {1989},
	file = {Aubert - Le greening une maladie infectieuse des agrumes d’.pdf:C\:\\Users\\esori\\Zotero\\storage\\RDBS8AEA\\Aubert - Le greening une maladie infectieuse des agrumes d’.pdf:application/pdf}
}

@phdthesis{bertaux_mise_2015,
	address = {Bordeaux},
	type = {{THÈSE} {DE} {DOCTORAT} {EN} {SCIENCES} {PHARMACEUTIQUE}},
	title = {Mise en place de la spectroscopie proche infrarouge selon les approches {Quality} {By} {Design} et {Lean} {Six} {Sigma} pour le pilotage en ligne de l'humidité d'une poudre},
	language = {fr},
	school = {Université Bordeaux 2 U.F.R. DES SCIENCES PHARMACEUTIQUES},
	author = {Bertaux, Camille},
	year = {2015},
	file = {Bertaux - Mise en place de la spectroscopie proche infraroug.pdf:C\:\\Users\\esori\\Zotero\\storage\\ETTSCKSK\\Bertaux - Mise en place de la spectroscopie proche infraroug.pdf:application/pdf}
}

@phdthesis{comar_etude_2013,
	address = {Avignon},
	type = {{THÈSE} {DE} {DOCTORAT} {EN} {SCIENCES} {AGRONOMIQUES} {Spécialité} : {Sciences} de la {Production} {Végétale}},
	title = {Etude des interactions feuille/lumière et de leurs implications pour le phénotypage haut débit au champ},
	language = {fr},
	school = {Université d’Avignon},
	author = {Comar, Alexis},
	year = {2013},
	file = {Comar - Etude des interactions feuillelumière et de leurs.pdf:C\:\\Users\\esori\\Zotero\\storage\\D4BRGG6R\\Comar - Etude des interactions feuillelumière et de leurs.pdf:application/pdf}
}

@misc{de_blomac_hyperspectral_2014,
	title = {Hyperspectral},
	url = {https://decryptageo.fr/hyperspectral/},
	language = {fr-FR},
	urldate = {2021-06-21},
	journal = {DécryptaGéo, l'information géographique},
	author = {De Blomac, Françoise},
	month = mar,
	year = {2014},
	note = {Section: 3D},
	file = {Snapshot:C\:\\Users\\esori\\Zotero\\storage\\B2UWD8GX\\hyperspectral.html:text/html}
}
