

  @Book{ggplot2,
    author = {Hadley Wickham},
    title = {ggplot2: Elegant Graphics for Data Analysis},
    publisher = {Springer-Verlag New York},
    year = {2016},
    isbn = {978-3-319-24277-4},
    url = {https://ggplot2.tidyverse.org},
  }

  @Manual{ggparty,
    title = {ggparty: 'ggplot' Visualizations for the 'partykit' Package},
    author = {Martin Borkovec and Niyaz Madin},
    year = {2019},
    note = {R package version 1.0.0},
    url = {https://CRAN.R-project.org/package=ggparty},
  }

  @Manual{tidyr,
    title = {tidyr: Tidy Messy Data},
    author = {Hadley Wickham},
    year = {2020},
    note = {R package version 1.1.2},
    url = {https://CRAN.R-project.org/package=tidyr},
  }

  @Manual{pls,
    title = {pls: Partial Least Squares and Principal Component Regression},
    author = {Bjørn-Helge Mevik and Ron Wehrens and Kristian Hovde Liland},
    year = {2020},
    note = {R package version 2.7-3},
    url = {https://CRAN.R-project.org/package=pls},
  }

  @Article{randomForest,
    title = {Classification and Regression by randomForest},
    author = {Andy Liaw and Matthew Wiener},
    journal = {R News},
    year = {2002},
    volume = {2},
    number = {3},
    pages = {18-22},
    url = {https://CRAN.R-project.org/doc/Rnews/},
  }

  @Manual{e1071,
    title = {e1071: Misc Functions of the Department of Statistics, Probability
Theory Group (Formerly: E1071), TU Wien},
    author = {David Meyer and Evgenia Dimitriadou and Kurt Hornik and Andreas Weingessel and Friedrich Leisch},
    year = {2020},
    note = {R package version 1.7-4},
    url = {https://CRAN.R-project.org/package=e1071},
  }

  @Manual{snowfall,
    title = {snowfall: Easier cluster computing (based on snow).},
    author = {Jochen Knaus},
    year = {2015},
    note = {R package version 1.84-6.1},
    url = {https://CRAN.R-project.org/package=snowfall},
  }

  @Article{tidyverse,
    title = {Welcome to the {tidyverse}},
    author = {Hadley Wickham and Mara Averick and Jennifer Bryan and Winston Chang and Lucy D'Agostino McGowan and Romain François and Garrett Grolemund and Alex Hayes and Lionel Henry and Jim Hester and Max Kuhn and Thomas Lin Pedersen and Evan Miller and Stephan Milton Bache and Kirill Müller and Jeroen Ooms and David Robinson and Dana Paige Seidel and Vitalie Spinu and Kohske Takahashi and Davis Vaughan and Claus Wilke and Kara Woo and Hiroaki Yutani},
    year = {2019},
    journal = {Journal of Open Source Software},
    volume = {4},
    number = {43},
    pages = {1686},
    doi = {10.21105/joss.01686},
  }

  @Manual{caTools,
    title = {caTools: Tools: Moving Window Statistics, GIF, Base64, ROC AUC, etc},
    author = {Jarek Tuszynski},
    year = {2020},
    note = {R package version 1.18.0},
    url = {https://CRAN.R-project.org/package=caTools},
  }
  
  @Manual{R,
     title = {R: A Language and Environment for Statistical Computing},
     author = {{R Core Team}},
     organization = {R Foundation for Statistical Computing},
     address = {Vienna, Austria},
     year = {2021},
     url = {https://www.R-project.org/},
  }